@book{kuehl1994statistical,
  title={Statistical Principles of Research Design and Analysis},
  author={Kuehl, R.O.},
  isbn={9780534188047},
  lccn={94002003},
  url={https://books.google.com.br/books?id=GsXuAAAAMAAJ},
  year={1994},
  publisher={Duxbury Press}
}

@book{kuehl2001diseno,
  title={Diseño de experimentos: principios estadísticos de diseño y análisis de investigación},
  author={Kuehl, R.O. and Osuna, M.G.},
  isbn={9789706860484},
  series={Matemáticas (Thomson)},
  url={https://books.google.com.br/books?id=Vnt2OwAACAAJ},
  year={2001},
  publisher={International Thomson Editores, S. A. de C. V.}
}

@book{kutner2003applied,
  title={Applied Linear Regression Models},
  author={Kutner, M.H. and Nachtsheim, C.J. and Neter, J.},
  isbn={9780072955675},
  series={The McGraw-Hill/Irwin Series Operations and Decision Sciences},
  url={https://books.google.com.br/books?id=0nAMAAAACAAJ},
  year={2003},
  publisher={McGraw-Hill Higher Education}
}

@book{lawson2010design,
  title={Design and Analysis of Experiments with SAS},
  author={Lawson, J.},
  isbn={9781439882740},
  series={Chapman \& Hall/CRC Texts in Statistical Science},
  url={https://books.google.com.br/books?id=OD3OBQAAQBAJ},
  year={2010},
  publisher={CRC Press}
}